<record><leader>00000cas a22000007a 4500</leader><controlfield tag="001">12659418</controlfield><controlfield tag="008">851011d18781883wiuwr ne      0    0eng d</controlfield><datafield ind1=" " ind2=" " tag="010"><subfield code="a">sn 85041239 </subfield></datafield><datafield ind1=" " ind2=" " tag="040"><subfield code="a">NPV</subfield><subfield code="b">eng</subfield><subfield code="c">NPV</subfield><subfield code="d">OCLCQ</subfield></datafield><datafield ind1=" " ind2=" " tag="042"><subfield code="a">msc</subfield></datafield><datafield ind1=" " ind2=" " tag="045"><subfield code="a">w7w8</subfield></datafield><datafield ind1=" " ind2=" " tag="052"><subfield code="a">4123</subfield><subfield code="b">I5</subfield></datafield><datafield ind1="0" ind2="4" tag="245"><subfield code="a">The Arena star.</subfield></datafield><datafield ind1=" " ind2=" " tag="260"><subfield code="a">Arena, Wis. :</subfield><subfield code="b">Star Co.,</subfield><subfield code="c">1878-1883.</subfield></datafield><datafield ind1=" " ind2=" " tag="300"><subfield code="a">v.</subfield></datafield><datafield ind1=" " ind2=" " tag="310"><subfield code="a">Weekly</subfield></datafield><datafield ind1="0" ind2=" " tag="362"><subfield code="a">Vol. 5, no. 1 (June 21, 1878)-v. 10, no. 24 (Nov. 23, 1883).</subfield></datafield><datafield ind1=" " ind2=" " tag="500"><subfield code="a">Editors: J.T. Shumay, June 21, 1878-Jan. 16, 1880; D.H. Williams, Jan. 23, 1880-&lt;Aug. 5, 1881&gt;; G.E. Ward, Sept. 9, 1881-Nov. 11, 1881; S.R. Bentley, Nov. 18, 1881-Nov. 23, 1883.</subfield></datafield><datafield ind1=" " ind2=" " tag="525"><subfield code="a">Supplements accompany some issues.</subfield></datafield><datafield ind1=" " ind2=" " tag="530"><subfield code="a">Available on microfilm from the State Historical Society of Wisconsin.</subfield></datafield><datafield ind1=" " ind2=" " tag="752"><subfield code="a">United States</subfield><subfield code="b">Wisconsin</subfield><subfield code="c">Iowa</subfield><subfield code="d">Arena.</subfield></datafield><datafield ind1="0" ind2="0" tag="780"><subfield code="t">Star (Arena, Wis.)</subfield><subfield code="w">(DLC)sn 85041238</subfield></datafield><datafield ind1="0" ind2="0" tag="785"><subfield code="t">Dodgeville star</subfield><subfield code="w">(DLC)sn 85041240</subfield></datafield><datafield ind1="1" ind2=" " tag="029"><subfield code="a">AU@</subfield><subfield code="b">000025811775</subfield></datafield></record>